@article{Charlesetal2009,
	author = "Kerwin Kofi Charles and Erik Hurst and Nikolai Roussanov",
	title = "{C}onspicuous {C}onsumption and {R}ace", 
	year = "2009",
	journal = "{T}he {Q}uarterly {E}conomic {J}ournal",	
	volume = "124(2)",
	pages = "425-467",
}

@article{BanerjeeDuflo2007,
	author = "Abjihit V. Banerjee and Esther Duflo",
	title = "{T}he {E}conomic {L}ives of the {P}oor", 
	year = "2007",
	journal = "{T}he {J}ournal of {E}conomic {P}erspectives",	
	volume = "21(1)",
	pages = "141-167",
}


@article{Caietal2010,
	author = "Hongbin Cai and Yuyu Chen and Li-an Zhou",
	title = "{I}ncome and {C}onsumption {I}nequality in {U}rban {C}hina: 1992-2003", 
	year = "2010",
	journal = "{E}conomic {D}evelopment and {C}ultural {C}hange",	
	volume = "58(3)",
	pages = "385-413",
}
	
@incollection{GustafssonShi2006,
	author = "Bjorn Gustafsson and Li Shi",
	title  = "{S}urveys: {T}hree {W}ays to {O}btain {H}ousehold {I}ncome {D}ata",
	booktitle = "{D}oing {F}ieldwork in {C}hina",
	year = "2006",
	pages = "129-152",
}

@book{Duesenberry1949,
	author	= "James S. Duesenberry",
	title	= "{I}ncome, {S}aving, and the {T}heory of {C}onsumer {B}ehavior",
	year	= "1967",	
	publisher	= "{O}xford {U}niversity {P}ress",
}

@article{Pollak1976,
    author  = "Robert A. Pollak",
    title   = "{I}nterdependent {P}references",
    year    = "1976",
    journal = "{A}merican {E}conomic {R}eview",
    volume  = "66(3)",
    pages   = "309-320",
}


@article{Podoshenetal2010,
    author  = "Jeffrey S. Podoshen and Lu Li and Junfeng Zhang",
    title   = "{M}aterialism and conspicuous consumption in {C}hina: a cross-cultural examination",
    year    = "2010",
    journal = "{I}nternational {J}ournal of {C}onsumer {S}tudies",
    volume  = "35(1)",
    pages   = "17-25",
}

@article{Blochetal2004,
    author  = "Francis Bloch and Vijayendra Rao and Sonaide Desai",
    title   = "{W}edding {C}elebrations as {C}onspicuous {C}onsumption",
    year    = "2004",
    journal = "{J}ournal of {H}uman {R}esources",
    volume  = "39(3)",
    pages   = "675-695",
}

@article{Ireland1994,
    author  = "Norman J. Ireland",
    title   = "{O}n {L}imiting the {M}arket for {S}tatus {S}ignals",
    year    = "1994",
    journal = "{J}ournal of {P}ublic {E}conomics",
    volume  = "53",
    pages   = "91-110",
}


@article{Heffetz2011,
    author  = "Ori Heffetz",
    title   = "{A} {T}est of {C}onspicuous {C}onsumption: {V}isibility and {I}ncome {E}lasticities",
    year    = "2011",
    journal = "{T}he {R}eview of {E}conomics and {S}tatistics",
    pages  = "forthcoming",
}

@book{Guttorp1995,
	author	= "Peter Guttorp",
	title	= "{S}tochastic {M}odeling of {S}cientific {D}ata",
	year	= "1995",
	edition = "1st",	
	publisher	= "{C}hapman and {H}all",
}

@unpublished{Burke2010,
	author = "Orlaith Burke",
	title = "{L}ecture {N}otes",
	year = "2010",
	note = "Available at: www.stats.ox.ac.uk/\textasciitilde burke/Lifetime/Final\%20versions/Lecture\%2010.pdf"
}

@article{Billingsley1961-2,
    author  = "Patrick Billingsley",
    title   = "{S}tatistical {M}ethods in {M}arkov {C}hains",
    year    = "1961",
    journal = "{T}he {A}nnals of {M}athematical {S}tatistics",
    volume  = "32",
    number  = "1",
}


@book{Billingsley1961,
	author	= "Patrick Billingsley",
	title	= "{S}tatistical {I}nference for {M}arkov {P}rocesses",
	year	= "1961",
	edition = "1st",	
	publisher	= "{U}niversity of {C}hicago {P}ress",
}


@unpublished{WVS00,
	author = "World\_Values\_Survey\_Association",
	title = "{W}orld {V}alues {S}urvey 2000 {O}fficial {D}ata {F}ile v.20090914",
	year = "2009",
	note = "Aggregate File Producer: ASEP/JDS, Madrid. (www.worldvaluessurvey.org)"
}


@book{BertsekasTsitsiklis2002,
	author	= "Dimitri P. Bertsekas and John N. Tsitsiklis",
	title	= "{I}ntroduction to {P}robability",
	year	= "2002",
	edition = "1st",	
	publisher	= "{A}thena {S}cientific",
}

@book{White11,
	author	= "Roger White",
	title	= "{M}igration and {I}nternational {T}rade: {T}he {US} {E}xperience since 1945",
	year	= "2010",
	publisher	= "{E}dward {E}lgar {P}ublishing"
}

@article{McCallum95,
    author = "John T. McCallum",
    title   = "{N}ational {B}orders {M}atter: {C}anada-{U}.{S}. {R}egional {T}rade {P}atterns",
    year    = "1995",
    journal = "{A}merican {E}conomic {R}eview",
    volume  = "85",
    pages   = "615-623"
}

@article{Barabasi99,
    author = "Reka Albert and Hawoong Jeong and Albert-Laszlo Barabasi",
    title   = "{T}he {D}iameter of the {W}orld {W}ide {W}eb",
    year    = "1999",
    journal = "{N}ature",
    volume  = "401",
    pages   = "130-131"
}


@article{Rauch01,
    author = "James E. Rauch",
    title   = "{B}usiness and {S}ocial {N}etworks in {I}nternational {T}rade",
    year    = "2001",
    journal = "{J}ournal of {E}conomic {L}iterature",
    volume  = "39",
    pages   = "1177--1203"
}

@article{RauchTrindade02,
    author  = "James E. Rauch and Vitor Trindade",
    title   = "{E}thnic {C}hinese {N}etworks in {I}nternational {T}rade",
    year    = "2002",
    journal = "The {R}eview of {E}conomics and {S}tatistics",
    volume  = "84",
    number  = "1",
    pages   = "116--130"
}

@article{Gould94,
    author  = "David M. Gould",
    title   = "{I}mmigrant {L}inks to the {H}ome {C}ountry: {E}mpirical {I}mplications for {U}.{S}. {B}ilateral {T}rade {F}lows",
    year    = "1994",
    journal = "The {R}eview of {E}conomics and {S}tatistics",
    volume  = "76",
    number  = "2",
    pages   = "302--316"
}

@techreport{Parsonsetal07,
    author  = "Christopher R. Parsons and Ronald Skeldon and Terrie L. Walmsley and L. Alan Winters",
    title   = "{Q}uantifying {I}nternational {M}igration: {A} {D}atabase of {B}ilateral {M}igrant {S}tocks",
    year    = "2007",
    institution = "{W}orld {B}ank {D}iscussion {P}aper",
    number  = "WPS4165"
    }

@article{HelpmanMelitzRubinstein08,
    author  = "Elhanan Helpman and Marc Melitz and Yona Rubenstein",
    title   = "{E}stimating {T}rade {F}lows: {T}rading {P}artners and {T}rading {V}olumes",
    year    = "2008",
    journal = "The {Q}uarterly {J}ournal of {E}conomics",
    volume  = "123",
    number  = "2",
    pages   = "441--487"
}

@unpublished{FeenstraData,
    author  = "Robert C. Feenstra and Robert E. Lipsey and Haiyan Deng and Alyson C. Ma and Hengyong Mo",
    title   = "{W}orld {T}rade {F}lows: 1962-2000",
    year    = "2005",
    note = "working paper"
}

@unpublished{CEPII,
	author = "Centre d'Etudes Prospectives et d'Informations Internationales (CEPII)",
	title = "{G}eodesic {D}istance {D}ata",
	year = "2011",
	note = "Downloaded from http://www.cepii.fr/distance/dist\_cepii.zip"
}

@article{Wagneretal02,
	author 	= "Don Wagner and Keith Head and John C. Ries", 
	title	= "{I}mmigration and the {T}rade of {P}rovinces",
	year	= "2002",
	journal	= "{S}cottish {J}ournal of {P}olitical {E}conomy",
	volume	= "49",
	pages	= "507 -- 525"
}

@unpublished{JinkinsLyn11,
	author 	= "David Jinkins and Gary Lyn",
	title	= "{I}mmigrant {S}tocks and {T}rade",
	year	= "2011",
	note	= "Available on my website soon",
}

@article{HeadRies98,
	author 	= "Keith Head and John C. Ries", 
	title	= "{I}mmigration and {T}rade {C}reation: {E}conometric {E}vidence from {C}anada",
	year	= "1998",
	journal	= "{C}anadian {J}ournal of {E}conomics",
	volume	= "31",
	number	= "1"
}

@article{Javorciketal10,
	author	= "Beata S. Javorcik and Caglar Ozden and Mariana Spatareanu and Cristina Neagu",
	title	= "{M}igrant {N}etworks and {F}oreign {D}irect {I}nvestment",
	year	= "2010",
	journal	= "{J}ournal of {D}evelopment {E}conomics",
	volume	= "94",
	number	= "2",
	pages	= "231--241"
}

@article{Atalayetal11,
	author 	= "Enghin Atalay and Ali Hortacsu and James Roberts and Chad Syverson",
	title	= "{T}he {N}etwork {S}tructure of {P}roduction",
	year	= "2011",
	journal	= "{P}roceedings of the {N}ational {A}cademy of {S}ciences of the {U}nited {S}tates of {A}merica",
	volume	= "108",
	number	= "13",
	pages	= "5199--5202"
}

@article{Combesetal05,
	author 	= "Pierre-Phillipe Combes and Miren Lafourcade and Thierry Mayer",
	title	= "{T}he {T}rade {C}reating {E}ffects of {B}usiness and {S}ocial {N}etworks: {E}vidence from {F}rance",
	year	= "2005",
	journal	= "{J}ournal of {I}nternational {E}conomics",
	volume	= "66",
	number	= "1",
	pages	= "1--29"
}

@unpublished{Jung06,
	author 	= "Benjamin Jung",
	title	= "{A} {S}earch and {M}atching {M}odel of {I}nternational {T}rade",
	year	= "2006",
	note	= "Available online: really just a sketch"
}

@unpublished{Chaney11,
	author	= "Thomas Chaney",
	title	= "{T}he {N}etwork {S}tructure of {I}nternational {T}rade",
	year	= "2011",
	note	= "Available at Chaney's website"
}

@article{JacksonRogers07,
	author 	= "Matthew O. Jackson and Brian W. Rogers",
	title	= "{M}eeting {S}trangers and {F}riends of {F}riends: {H}ow {R}andom are {S}ocial {N}etworks",
	journal	= "{A}merican {E}conomic {R}eview",
	year	= "2007",	
	volume	= "97",
	number	= "3",
}
	
@article{White07,
	author 	= "Roger White",
	title	= "{I}mmigrant-{T}rade {L}inks, {T}ransplanted {H}ome {B}ias and {N}etwork {E}ffects",
	journal	= "{A}pplied {E}conomics",
	year	= "2007",	
	volume	= "39",
	number	= "7",
	pages	= "839--852"
}

@unpublished{Eatonetal11,
	author	= "Jonathan Eaton and Marcela Eslava and CJ Krizan and Maurice Kugler and James Tybout",
	title	= "{A} {S}earch and {L}earning {M}odel of {E}xport {D}ynamics",
	year	= "2011",
	note	= "Available on request from Jonathan Eaton"
}

@unpublished{Felbermayretal09,
	author	= "Gabriel J. Felbermayr and Benjamin Jung and Farid Toubal",
	title	= "{E}thnic {N}etworks, {I}nformation, and {I}nternational {T}rade: {R}evisiting the {E}vidence",
	year	= "2009",
	note	= "CEPII Discussion Paper, available on Benjamin Jung's website",
}
}
